@misc{PUBG,
    key = {https://en.wikipedia.org/wiki/PUBG:_Battlegrounds},
    note = {Wikipedia, “PlayerUnknown’s Battlegrounds.”, Accessed: 12 October 2023},
    howpublished =  {\url{https://en.wikipedia.org/wiki/PUBG:_Battlegrounds}}
}

@misc{PUBG_users,
    key = {https://activeplayer.io/pubg/},
    note = {Active Players, Accessed: 13 October 2023},
    howpublished =  {\url{https://activeplayer.io/pubg/}}
}


@misc{apache_spark,
    key = {https://spark.apache.org/docs/latest/ml-classification-regression.html},
    note = {Apache Spark, Accessed: 14 October 2023},
    howpublished =  {\url{https://spark.apache.org/docs/latest/ml-classification-regression.html}}
}

@INPROCEEDINGS{tensor_flow,
  author={Heaton, Jeff and McElwee, Steven and Fraley, James and Cannady, James},
  booktitle={2017 International Joint Conference on Neural Networks (IJCNN)}, 
  title={Early stabilizing feature importance for TensorFlow deep neural networks}, 
  year={2017},
  volume={},
  number={},
  pages={4618-4624},
  doi={10.1109/IJCNN.2017.7966442}}

@misc{open_source,
    key = {https://www.databricks.com/blog/2016/01/25/deep-learning-with-apache-spark-and-tensorflow.html},
    note = {Apache Spark, Accessed: 11 October 2023},
    howpublished =  {\url{https://www.databricks.com/blog/2016/01/25/deep-learning-with-apache-spark-and-tensorflow.html}}
}

